@misc{nlp-getting-started,
    author = {Addison Howard, devrishi},
    title = {Natural Language Processing with Disaster Tweets},
    publisher = {Kaggle},
    year = {2019},
    url = {https://kaggle.com/competitions/nlp-getting-started}
}
@misc{nlp-getting-started2,
    author = {Phil Culliton, Yufeng Guo},
    title = {Natural Language Processing with Disaster Tweets},
    publisher = {Kaggle},
    year = {2019},
    url = {https://kaggle.com/competitions/nlp-getting-started}
}

@article{fontalis2023comparative,
  title={A Comparative Study of Deep Learning Methods for the Detection and Classification of Natural Disasters from Social Media},
  author={Fontalis, Spyros and Zamichos, Alexandros and Tsourma, Maria and Drosou, Anastasis and Tzovaras, Dimitrios},
  year={2023}
}


@article{chanda2021efficacy,
  title={Efficacy of BERT embeddings on predicting disaster from Twitter data},
  author={Chanda, Ashis Kumar},
  journal={arXiv preprint arXiv:2108.10698},
  year={2021}
}

@article{iparraguirre2023classification,
  title={Classification of Tweets Related to Natural Disasters Using Machine Learning Algorithms},
  author={Iparraguirre-Villanueva, Orlando and Melgarejo-Graciano, Melquiades and Castro-Leon, Gloria and Olaya-Cotera, Sandro and John, Ruiz-Alvarado and Epifan{\'\i}a-Huerta, Andr{\'e}s and Cabanillas-Carbonell, Michael and Zapata-Paulini, Joselyn},
  year={2023},
  publisher={International Journal of Interactive Mobile Technologies (iJIM)}
}

@article{deb2022comparative,
  title={Comparative analysis of contextual and context-free embeddings in disaster prediction from Twitter data},
  author={Deb, Sumona and Chanda, Ashis Kumar},
  journal={Machine Learning with Applications},
  volume={7},
  pages={100253},
  year={2022},
  publisher={Elsevier}
}

@article{saddam2023sentiment,
  title={Sentiment Analysis of Flood Disaster Management in Jakarta on Twitter Using Support Vector Machines},
  author={Saddam, M Amiruddin and Dewantara, Erno Kurniawan and Solichin, Achmad},
  journal={Sinkron: jurnal dan penelitian teknik informatika},
  volume={8},
  number={1},
  pages={470--479},
  year={2023}
}